2082 3012
157 99 173 172 ’,
210 79 213 84 ’
259 71 651 196 unnornss.rr.1n'
790 121 821 174 u

61 223 125 278 Hoc
134 227 186 276 tus
192 226 257 291 post
265 223 344 276 illum
355 221 440 275 titulo
449 225 575 291 signetur
584 225 690 293 imegoz

96 295 153 346 Hic
163 299 214 356 est,
224 293 302 346 ouius
312 307 407 344 umens
417 292 528 358 hospite
537 299 619 360 coptu
629 295 694 348 dolo
704 298 755 348 est.

61 361 401 424 Detantorcrumturlm,
412 361 546 430 suot-isque
557 365 689 430 parentis,
830 362 862 430 75
902 365 910 380 ⁶
949 391 952 396 ·

95 431 178 486 Sedit
186 432 215 482 in
226 432 338 499 ingenio
349 432 447 482 cresse
457 431 556 484 relicta
565 438 623 485 tuo.

60 501 145 567 Quod
155 501 249 552 solum
258 505 385 563 excusat,
395 500 485 552 solum
496 503 607 552 miraris
616 504 645 554 in
653 502 714 555 illc.

93 569 256 623 Haeredem
268 571 387 636 patriae,
398 571 518 636 perfide,
529 569 636 624 fraudis
645 573 713 640 egid.
795 619 798 626 .
893 604 896 611 ·

57 641 127 704 lua,
139 655 192 692 nec
201 640 324 702 invideo,
335 638 440 690 fruitur
450 639 566 692 meliore
576 644 691 694 merito:

93 712 183 778 Inque
194 709 351 775 capistratis
361 709 478 775 tigribus
488 709 547 762 ulto
557 710 644 763 sedet.
827 721 863 776 80
907 782 911 786 Ι
982 767 985 774 ,

58 780 169 831 Ἀῑηιοει
180 778 302 844 despecti
314 777 715 846 fugiuntconnubieThraces,
797 817 799 826 ,
907 811 917 832 ι

94 848 178 910 Quod
189 847 266 900 feror
276 851 421 902 externum
430 851 622 916 praeposuisse
632 852 710 903 meis.

57 917 818 989 Atqusaliquis:Doctssismnunceaetnqmtethenu.

93 985 263 1038 Armiferam
272 983 401 1040 Thracen
424 990 573 1056 quiregut,
584 991 656 1042 ulter
666 991 727 1043 erit

56 1056 161 1108 Exitus
171 1059 233 1106 ectu
243 1057 350 1122 probat
370 1062 466 1110 cerem
475 1061 647 1132 successione
657 1066 732 1126 opto,
816 1063 862 1121 ‚85

94 1125 225 1191 Quisquis
234 1125 269 1176 ub
279 1129 381 1178 eventu
391 1124 466 1178 fecte
474 1128 696 1194 notenduputet.
784 1157 787 1164 ι

37 1215 41 1230 ·
56 1195 95 1247 At
106 1194 131 1243 si
140 1199 294 1249 nostratuo
303 1199 482 1260 spumescant
492 1211 615 1262 aequora
624 1211 713 1260 remo,

92 1261 154 1326 lam
164 1261 395 1324 mihi,ismdicar
404 1263 662 1318 consuluissemeis.
799 1271 801 1277 “

59 1330 116 1384 Sed
127 1346 216 1399 neque
226 1331 365 1386 consuluit
380 1348 433 1386 neo
443 1338 471 1385 te
482 1349 545 1388 rues
554 1336 633 1403 regia
641 1340 747 1405 tanget,
860 1328 866 1342 ‘

94 1401 213 1454 Fessuve
222 1401 482 1454 Bistoniemembrn
491 1401 596 1456 lavabis
606 1421 685 1474 aque.
808 1413 811 1436 ¹
827 1430 861 1484 9⁰

56 1470 112 1524 llls
121 1471 189 1522 meis
200 1471 403 1536 oculisspecies
413 1473 541 1528 obeuntis
550 1473 687 1538 inhaeret,
767 1517 770 1526 .

96 1541 162 1592 Cum
173 1545 313 1606 premeret
323 1545 421 1606 portus
432 1542 529 1593 classis
537 1544 614 1595 itura
622 1559 708 1596 meo.
810 1542 815 1562 '

56 1612 148 1666 Ausus
158 1623 187 1660 es
197 1609 341 1675 amplecti,
352 1609 481 1678 colloque
491 1609 599 1662 infusus
608 1614 728 1664 ementis

94 1677 197 1730 Oscula
207 1693 257 1744 per
267 1675 365 1746 longas
374 1680 490 1746 iungere
499 1695 595 1746 presse
604 1696 711 1734 morose
790 1691 792 1698 ’

58 1735 181 1814 (hique
191 1749 247 1798 tuis
257 1747 511 1802 lacrimislacrimss
517 1749 687 1804 confundere
692 1755 817 1814 nostrast
826 1755 860 1826 9⁵

94 1815 230 1883 Quodque
241 1815 316 1868 foret
326 1817 394 1868 velis
404 1833 474 1869 auro
482 1819 616 1882 secunde,
629 1821 720 1887 queris
848 1831 855 1860 t

57 1887 97 1939 Et
105 1883 175 1936 mihi·
184 1885 328 1939 discedens
337 1901 468 1952 suprema
477 1887 571 1940 dicere
580 1904 660 1940 vocer

94 1953 274 2024 Phyllidem
285 1961 429 2021 exspertes
439 1955 655 2022 Demophoonta
663 1961 751 2008 tuum.
849 1959 870 1988 *⁸

60 2027 238 2090 Exspeotem,
248 2023 295 2090 qui
305 2039 349 2076 me
359 2039 501 2092 nunquam
511 2027 620 2078 risurus
631 2024 730 2078 ubistii

93 2097 259 2160 Exspeotem
267 2092 369 2160 pelago
380 2093 644 2167 relenegutomeoi
829 2107 878 2147 roo
957 2105 966 2126 ’-

58 2164 95 2217 Et
104 2169 199 2214 tamen
210 2166 348 2227 exspecto.
367 2163 467 2222 redeas
476 2166 559 2218 modo
569 2181 650 2224 serus
658 2165 776 2216 umenti:

92 2233 133 2286 Vt
141 2237 192 2282 tue
200 2232 237 2282 sit
246 2230 306 2284 solo
318 2235 443 2298 tempore
452 2233 531 2300 lapsa
540 2235 617 2286 tides.

61 2301 132 2365 Quid
142 2314 242 2367 precor
252 2298 369 2354 infelixt
383 2303 437 2352 inm
448 2307 477 2354 te
488 2308 566 2356 tenet
576 2304 667 2356 ultera
677 2304 779 2358 coniux

46 2371 50 2379 ’
93 2372 237 2432 Forsitan,
249 2373 292 2431 et,
301 2371 380 2422 nobis
391 2373 438 2440 qui
449 2372 521 2424 mule
532 2371 613 2436 fovit,
624 2387 710 2424 umor.

60 2439 150 2508 thue
160 2439 211 2493 tibi
222 2438 383 2503 excidimus,
394 2439 817 2508 nullam,puto,Phyllidsnosti.
829 2461 869 2498 ιο.
883 2460 885 2477 ·

47 2515 48 2521 ’
92 2512 148 2562 Hei
159 2507 237 2560 mihil
254 2508 290 2570 si,
300 2525 371 2577 quoe
380 2511 431 2560 sim
442 2509 564 2577 Phyllis,
575 2517 603 2563 et
611 2511 697 2574 surde,
707 2526 799 2579 rogas.

58 2580 137 2644 Ques
146 2579 197 2631 tibi
204 2577 417 2645 ,Demophoon
427 2579 517 2647 longis
528 2582 670 2632 erroribus
679 2586 743 2634 noto

92 2648 238 2702 Threicios
247 2654 357 2718 portus,
367 2647 571 2720 hospitiumque
582 2649 657 2712 dedis
