2066 3012
23 1 32 110 i

177 205 179 208 ,
219 155 449 210 ennomus.
468 157 530 243 ar.
545 143 632 212 x11i.
649 128 652 134 ’
778 159 810 213 or

48 231 109 312 llos
119 273 192 313 mea·
208 265 357 327 temones:
368 261 418 312 dos
429 266 476 313 eet
483 276 545 314 mea
565 261 650 314 Graia
659 260 795 316 inventos.
827 255 833 270 '

82 333 98 383 l
110 346 193 393 nunc,
204 329 356 397 sisyphius,
366 331 499 397 improbe,
510 331 607 402 qonfer
617 343 698 398 opes:

48 400 135 462 Quod
146 401 229 464 vivis3
244 399 317 468 quod
327 399 412 452 habea
422 405 536 466 nuptam
547 415 729 468 soeerumque
737 415 788 470 po·
822 401 873 457 20⁵
912 423 918 430 ·

383 477 394 486 “
469 475 589 533 tentem3
709 518 714 522 .

84 539 151 592 Hoc
161 540 262 605 ipsum,
272 537 397 605 ingratus
407 537 481 606 qnod
493 543 573 604 potes
583 553 651 601 esse,
660 553 752 592 meam
763 543 815 593 est.
837 597 840 601 ,

49 607 815 676 Quosequidemaetutumtsedquidpraedieerepoenam

84 675 214 730 attinett
227 677 352 742 ingentes
363 677 481 741 parturit
491 678 534 727 ira
544 678 640 728 minas.
769 738 771 742 .

50 748 114 809 Quo
126 746 200 797 feret
208 740 263 806 ira,
274 759 381 812 sequar.
393 745 457 796 faeti
469 744 589 798 fortasse
598 747 710 816 pigebit.
729 753 734 764 ”
820 747 825 754 “

85 818 125 867 Et
133 817 211 880 piget
221 814 306 864 intido
318 814 487 866 conualuisse
497 811 563 866 viro.
824 841 875 879 210

52 884 166 937 Viderit
175 884 229 932 ista
239 882 330 945 Deus,
341 884 388 950 qui
398 899 471 936 nunc
481 899 545 936 mea
555 889 668 952 pectora
676 889 779 940 uersat.

84 945 188 1009 Nescio
200 947 265 1018 quid
276 957 352 1003 certe
362 967 440 1004 mens
450 967 512 1006 mea
523 956 611 1005 rnaius
621 958 687 1023 agit.

246 1066 251 1078 b
346 1091 349 1102 Ι
400 1081 406 1092 Ι

56 1099 808 1141 &mmo-mm

185 1209 675 1314 ,erroneae-xm.

144 1336 392 1396 aeonum
421 1331 758 1396 prorueremus

323 1457 326 1462 ,
344 1443 510 1461 m

49 1475 171 1574 Mittit,
182 1513 211 1563 et
220 1516 298 1578 optat
309 1527 414 1575 amans,
424 1529 478 1582 quo
489 1514 616 1578 mittitur,
625 1513 675 1577 ire,
684 1507 805 1566 salutern

86 1583 219 1634 Aemonio
229 1584 363 1634 Aemonio
374 1583 528 1633 Laodamia
538 1584 607 1634 viro.

45 1649 153 1706 Aulide
163 1655 191 1700 te
203 1649 278 1702 fama
287 1657 420 1702 estvento
431 1651 570 1702 retinente
580 1651 691 1702 morari.

85 1717 142 1770 Ah!
158 1731 203 1770 me
214 1735 276 1770 eum
287 1719 398 1787 fugeres
404 1757 412 1783 ,
422 1719 467 1770 bie
476 1720 523 1770 ubi
532 1725 629 1772 ventus
639 1717 718 1772 eratl

47 1788 125 1844 Tum
138 1786 210 1838 freta
220 1787 373 1840 debuerant
381 1791 482 1840 restris
493 1791 629 1842 obsistere
638 1789 731 1840 remis.
822 1787 838 1841 5

84 1855 162 1910 Illud
173 1865 235 1908 erat
244 1859 333 1909 saevis
343 1859 412 1910 utile
422 1864 532 1924 tempus
543 1859 629 1925 aquis.

47 1927 157 1984 Oscula
166 1926 246 1992 plura
254 1928 326 1990 viro,
340 1928 526 1994 mandataque
537 1927 619 1992 plura
630 1925 777 1977 dedissem:
867 1961 871 1971 ,

85 1997 124 2047 Et
134 2001 213 2058 suat,
223 2009 294 2062 quae
304 1996 380 2046 volui
392 1997 496 2058 dicere,
507 1994 600 2060 plura,
609 1994 668 2044 tibi.
683 2013 686 2020 ·

48 2065 160 2132 Raptus
172 2079 201 2116 es
212 2063 275 2116 binc
284 2079 428 2132 praeceps:
449 2070 489 2126 et,
505 2065 553 2132 qui
563 2068 612 2112 tua
621 2060 684 2112 vola
692 2063 811 2129 voearet,

88 2135 177 2198 Quem
188 2141 323 2202 cuperent
333 2145 447 2196 nautae,
458 2149 513 2184 non
525 2147 590 2200 ego,
599 2136 698 2184 ventae
707 2137 774 2185 erat.
822 2154 855 2192 ιο

49 2201 234 2258 Ventuaerat
244 2199 336 2254 nautis
347 2209 442 2272 aptus,
453 2219 507 2253 non
519 2209 600 2268 aptus
611 2202 723 2252 amanti.
812 2199 816 2204 '
858 2209 860 2220 ·

88 2273 189 2325 Solvor
198 2273 233 2324 ab
243 2273 386 2340 amplexu,
398 2272 564 2334 Protesilae,
574 2277 637 2336 tuo;

49 2341 218 2410 Linguaque
229 2343 386 2394 mandantis
395 2342 479 2392 verba
489 2340 653 2405 imperfecta
661 2337 801 2410 relinquit.

86 2411 143 2464 Vix
152 2411 223 2463 illud
233 2413 313 2479 potui
323 2411 411 2462 dicere
422 2411 503 2461 triste
513 2409 592 2462 Vale.

49 2479 703 2546 IncubuitBoreas‚arreptaquemlatetendia
821 2477 854 2537 25
915 2513 920 2524 .
1012 2505 1014 2512 ,

87 2549 203 2618 lamque
216 2565 292 2601 meus
302 2550 385 2614 longe
396 2548 568 2600 Protesilaus
578 2554 646 2600 erat.

52 2619 128 2674 Dum
139 2621 217 2686 potui
227 2623 352 2685 spectare
362 2617 602 2683 virum,epeetare
612 2613 737 2698 iurabat:
791 2631 799 2720 q
851 2659 855 2665 .

90 2688 213 2760 Sumque
223 2694 286 2740 tuos
296 2685 393 2738 ocula
403 2701 490 2755 usque
500 2691 597 2738 secuta
605 2697 683 2773 mera.

1009 2613 1012 2685 q

996 2709 1001 2723 ι
1010 2707 1011 2728 i

1009 2779 1010 2791 l
