2092 3016
216 169 271 228 sos
401 135 587 223 novnn'r
609 151 792 224 NASOle
837 119 839 122 ⁵

138 287 141 294 ’
216 267 519 343 Exemploquenocer'rs
530 273 637 325 cunctis
647 273 797 328 intervenit
806 272 881 330 una(

174 356 207 408 30
215 349 251 399 nt
262 351 361 398 eontra
371 343 492 410 seopulis
503 343 601 394 crinali
612 357 727 409 corpore
738 345 831 411 segnis
939 339 943 344 “

101 415 103 422 ’
215 415 340 482 Polypus
350 411 459 475 haeret,
471 416 500 464 et
509 409 560 464 hae
571 411 659 464 eludit
668 414 741 464 retia
750 411 858 477 fraude,

214 485 253 538 Et
262 485 312 536 sub
323 483 385 550 lege
396 483 452 534 loci
463 483 701 550 sumitnrntatque
712 481 844 548 colorem,
863 491 869 504 “

93 557 97 560 ’
187 549 982 620 ·Sempereisirnilis,quemcontigitatqueubipraedato

214 624 386 677 Pendentem
396 621 462 674 setis
473 621 567 673 avidus
578 622 663 688 rapit,
674 619 719 672 hie
730 636 839 690 quoque
850 621 929 674 fallit

173 694 298 751 tentato
309 691 429 754 calamo,
437 705 499 744 oum
509 691 621 744 demum
632 705 755 743 emersus
764 693 794 742 in
804 706 888 742 auras

195 766 198 774 '
214 760 334 818 Brachia
344 761 483 824 dissolvit,
499 759 718 829 populatumque
734 761 843 827 exspuit
853 759 979 816 hemum.

215 834 252 886 At
261 832 353 899 Mugil
363 830 453 882 cauda
462 829 627 896 pendentem
639 829 784 882 everberat
794 843 896 894 escarn,
1035 877 1036 890 ,

215 902 421 967 Excussamque
431 899 507 968 legit.
518 897 615 966 Lupus
627 899 684 950 acri
696 899 881 964 concitusira,
1035 905 1036 968 i

163 1011 167 1014 -
215 971 351 1024 Discursu
362 969 451 1022 fertur
460 970 551 1033 vario,
564 969 718 1037 fluctusque
730 967 852 1020 serentes
916 1013 918 1017 ,

80 1075 86 1090 ι
170 1043 205 1098 4ο
214 1040 411 1114 Prosequitur,
422 1041 589 1110 quassatque
598 1044 696 1106 eaput,
708 1038 775 1091 duni
786 1037 906 1100 ,vulnere

350 1143 355 1148 .,
632 1121 732 1160 saevus
811 1119 813 1125 ’

132 1211 136 1214 -
212 1179 323 1234 Laxato
334 1177 417 1232 cadat
425 1175 635 1244 hamus,etora
644 1177 770 1245 patentia
779 1175 895 1248 linquat.
934 1220 936 1223 ,

212 1249 272 1303 Neo
283 1251 409 1318 proprias
420 1249 492 1301 vir'es
503 1249 591 1301 nescit
600 1249 737 1303 Muraena
748 1247 880 1300 nocendiz

149 1330 151 1335 ·
203 1317 378 1388 Auxilioque
388 1319 560 1381 sibi‚rnorsu
571 1331 621 1368 nec
632 1317 757 1368 cominus
768 1317 856 1374 aeri,
924 1350 929 1355 -
1035 1357 1036 1364 ,

48 1398 52 1412 “
119 1412 125 1418 ·
210 1388 327 1451 Deficit,
338 1393 387 1438 aut
396 1389 503 1448 animos
513 1387 592 1454 ponit
602 1388 711 1452 captiva
721 1380 895 1440 minaces
1035 1407 1036 1442 i

170 1455 328 1526 45ririthias
339 1455 382 1508 his
388 1461 485 1526 ,tergo
497 1471 568 1526 quae
579 1471 636 1507 non
645 1455 735 1518 ridet,
745 1459 834 1511 utitur
843 1455 941 1522 armis,

212 1527 277 1581 Vim
288 1527 385 1594 spinae
396 1529 527 1594 novitque
538 1541 618 1590 suae,
628 1539 765 1593 versoque
775 1527 890 1592 supinus

213 1597 349 1666 Corpore,
359 1595 418 1650 lina
427 1601 517 1662 secat,
526 1597 666 1666 fixumque
677 1595 820 1662 intercipit
828 1593 952 1648 hamum.

97 1764 101 1775 ·
185 1771 188 1776 -
247 1735 366 1788 Caetera
377 1749 448 1804 quae
460 1733 559 1785 densas
569 1729 698 1787 habitant
708 1732 840 1786 animalia
850 1731 946 1798 silvas,

55 1814 57 1822 ’
148 1858 151 1864 ,
210 1807 339 1862 Autroni
349 1806 478 1872 quatiunt
488 1815 598 1870 semper
607 1803 753 1874 lymphata
762 1805 886 1866 timores,

171 1883 204 1941 50
212 1879 268 1931 Aut
277 1873 366 1928 trahit
375 1876 403 1926 in
414 1887 546 1942 praeceps
557 1888 613 1926 non
624 1889 692 1925 sana
702 1873 806 1926 ferocia
818 1874 927 1926 mentis.
947 1925 950 1930 ,

212 1947 275 2015 Ipsa
284 1945 362 2014 sequi
374 1949 475 1995 natura
484 1948 592 2007 monet,
602 1943 647 1997 rel
657 1945 782 2006 cominus
791 1943 841 1996 ire.

139 2078 143 2086 A
211 2012 418 2084 lnrpigereeee!
438 2013 496 2064 Leo
506 2019 655 2066 venantum
665 2018 794 2066 sternere
803 2011 895 2080 pergit

121 2099 125 2104 ’
211 2085 341 2152 Agmina,
352 2089 380 2135 et
390 2083 514 2134 adversis
524 2082 612 2135 insert
621 2097 671 2136 sua
682 2088 798 2152 pectora
807 2081 882 2134 telis.

142 2193 148 2205 Ι
213 2154 330 2222 Quoque
341 2153 428 2215 venit,
439 2151 527 2204 fidens
537 2153 626 2220 magis
638 2157 667 2206 et
676 2152 815 2204 sublatior
824 2151 920 2216 ardet,

170 2223 203 2280 55
213 2223 413 2290 Concussitque
423 2225 510 2285 toros,
517 2226 546 2274 et
555 2222 658 2274 viribus
670 2220 779 2274 addidit
787 2222 867 2274 iram.

212 2291 355 2354 Prodidit,
366 2291 450 2359 atque
460 2305 511 2342 suo
523 2293 654 2359 properat
663 2292 716 2344 sibi
727 2292 830 2344 robore
840 2290 936 2342 letum.

211 2361 322 2418 Foedus
332 2361 453 2412 Lucanis
465 2361 637 2428 provolvitur
646 2361 735 2414 Vrsus
744 2362 779 2416 ab
790 2359 893 2422 antris,
949 2421 951 2426 s

212 2427 287 2494 uuio
293 2429 345 2482 nisi
352 2431 459 2498 pondus
465 2431 552 2494 iners,
560 2429 732 2500 stolidaeque
743 2427 972 2484 ferociameutis!

156 2513 162 2530 ⁹
210 2499 297 2556 Actus
307 2502 381 2568 Aper
389 2501 456 2552 setis
466 2501 537 2552 iranr
547 2499 694 2554 denuntiat
705 2499 801 2553 hirtis:

170 2572 203 2631 50
211 2570 248 2622 Et
259 2571 316 2621 ruit
323 2570 447 2637 'oppositi
458 2570 549 2622 niteris
558 2571 587 2620 in
599 2570 716 2624 vulnera
726 2569 803 2634 ferri,

210 2637 327 2693 Pressus
338 2645 367 2692 et
376 2637 476 2692 emisso
487 2639 606 2691 moritur
615 2655 664 2708 per
673 2641 779 2700 nuceta
788 2635 856 2690 telo.

142 2732 144 2736 ·
211 2704 926 2780 Alteraparsridenspeoibus,dattergasequentt,
