2092 3016
188 194 191 205 1
243 245 248 269 θ
278 131 662 228 acunnrneuorus.
769 164 771 172 ‘
799 173 852 231 aes

93 271 152 334 Sed
163 276 279 334 meliore
289 278 345 332 tide
356 277 492 346 paulatim
504 277 676 346 extinguitur
685 278 767 348 ignis,

55 394 70 410 ,
127 347 331 413 Quamsubito.
344 346 702 412 lentedesine3tutuseris.
814 347 818 356 '
860 356 911 415 550

53 415 56 420 ’
91 417 222 473 Flumine
232 423 365 486 perpetuo
374 423 485 468 torrens
496 416 569 468 sciet
578 419 670 470 acrius
679 417 730 477 ire‘,

23 503 27 511 ·
129 487 185 540 Sed
195 493 289 538 tamen
300 486 368 539 hacc
378 487 470 552 brcpis
481 491 535 550 est,
546 485 596 552 ilia
604 487 734 556 perennis
745 499 825 556 aqua.

92 553 200 618 Fallat,
209 561 240 609 et
249 557 277 606 in
287 561 386 608 tenues
397 555 529 611 evanidus
540 563 622 608 exeat
631 573 724 622 auras,

129 626 236 694 Perque
246 627 349 694 gradus
359 623 459 678 molles
470 629 624 679 emoriatur
634 641 720 679 amor.
787 671 789 678 ,

92 693 150 749 seu
158 695 241 747 nrodo
253 695 384 748 dilectam
395 695 485 748 scelus
496 702 540 748 est
549 697 641 750 odisse
651 697 789 768 puellam:
861 705 911 762 555
948 693 974 718 '·
1005 719 1012 730 ·

106 781 108 786 ·
128 756 227 818 Exitus
237 765 356 834 ingeniis
369 767 496 818 convenit
505 767 558 818 istc
569 765 645 820 feris.

60 860 63 864 ·
91 833 156 892 Non
166 848 264 887 curare
274 843 319 889 eet
330 841 380 889 cst.
391 837 456 888 odio
466 837 514 904 qui
524 837 587 888 fluit
596 851 740 902 amorem,.

6 935 7 944 κ
83 933 88 944 ,
129 908 185 959 Aut
195 909 282 969 amat,
294 912 344 957 aut
353 921 436 974 aegre
447 907 556 959 desinet
566 922 625 959 csse
636 909 728 958 miser.
775 907 785 918 '

36 990 39 996 ·
57 1019 59 1022 .
91 974 393 1042 Turpe,viretmulier‚
403 976 488 1028 iuncti
499 977 595 1040 modo,
606 981 734 1044 protinus
743 973 852 1028 hostes:
904 1023 907 1030 ,

128 1043 192 1097 Non
202 1043 266 1094 illas
277 1044 341 1096 lites
350 1046 451 1112 Appias
460 1047 521 1112 ipsa
530 1047 638 1112 probat.
862 1051 914 1108 660

93 1112 183 1182 Saepe
191 1127 255 1165 rcus
266 1113 386 1176 iaciunt,
398 1119 427 1165 et
435 1120 537 1166 amant.
548 1115 595 1166 ubi
607 1115 685 1166 nulia
695 1115 822 1166 simultas

128 1183 243 1245 Incidit,
254 1183 398 1234 admonitu
409 1183 480 1235 liber
491 1184 604 1235 aberrat
613 1199 699 1236 amor.

93 1251 180 1308 Forte
191 1251 306 1304 aderam
316 1253 420 1304 iuveni:
431 1253 570 1304 dominam
581 1253 682 1306 lectica
691 1253 818 1308 tenebat:

31 1381 33 1386 ,
67 1359 70 1368 ·
128 1322 291 1375 Horrebant
300 1323 388 1374 saeris
399 1323 492 1373 oninia
501 1323 587 1374 uerba
596 1325 686 1375 minis.

93 1393 209 1460 lamque
220 1392 387 1455 vadaturus,
398 1391 513 1444 Lectica
523 1393 653 1460 prodeat:
664 1393 761 1462 inquit.

130 1461 292 1513 Prodierat:
304 1461 363 1512 visa
372 1463 488 1530 coniuge
498 1469 590 1513 nrutus
603 1468 672 1514 erat.
726 1485 727 1491 ¹

93 1531 251 1593 Etmanes,
262 1535 292 1582 et
300 1531 428 1582 manibus
439 1531 563 1597 duplices
574 1531 698 1584 cecidere
708 1529 844 1584 tabellae:

129 1601 215 1654 Venit
225 1601 253 1650 in
264 1600 421 1667 amplexus:
432 1605 516 1669 atque
526 1602 578 1663 ita,
588 1601 698 1664 Vincis,
709 1603 757 1651 ait.

96 1667 209 1738 [liutius
219 1673 274 1733 cst,
285 1675 436 1740 aptumque
447 1672 546 1739 nugis,
556 1669 698 1724 discedere
708 1683 785 1737 paco,
803 1728 811 1736 ⁴

131 1738 221 1802 Quam
232 1739 497 1806 pctcrcathalamis
508 1740 631 1808 litigiosa
641 1737 729 1806 forat]
863 1745 914 1824 ⁶1⁹
976 1737 979 1752 '

94 1805 214 1864 Munera
225 1823 296 1874 quae
306 1807 429 1872 dederis,
441 1808 542 1861 habeat
552 1811 611 1864 sine
623 1810 672 1860 lite
682 1809 791 1860 iubeto:

129 1879 199 1931 Esse
210 1876 302 1928 soient
312 1889 412 1944 magno
423 1877 524 1928 damna
533 1879 643 1929 minora
651 1879 735 1929 bono.

97 1947 212 2013 Quodsi
223 1959 272 1998 uos
282 1944 383 2013 aliquis
394 1945 531 1998 conducet
541 1961 620 1998 casus
631 1947 660 1998 in
670 1957 770 2010 unums'

81 2045 82 2052 κ
128 2017 226 2069 Mente
236 2029 343 2067 memor
353 2017 427 2078 tota,
439 2029 511 2083 quae
522 2013 620 2066 damus
628 2017 802 2078 arma‚teno.
931 2063 932 2070 ,

4 2129 5 2148 2
93 2085 175 2143 Nunc
185 2099 254 2152 opus
265 2089 309 2136 est
318 2085 416 2135 armis:
427 2083 485 2147 hic,
496 2083 525 2136 o!
538 2084 689 2138 fortissime
699 2097 802 2154 pugna.
816 2101 823 2111 ’
836 2141 839 2147 ,
863 2083 914 2152 675
986 2107 992 2112 ’

4 2199 5 2204 ,
129 2155 276 2210 Vincenda
286 2159 329 2206 est
339 2153 397 2206 telo
406 2151 586 2206 Penthesilea
595 2160 654 2206 tuo.

4 2249 5 2292 i
95 2221 174 2282 Nunc
182 2225 235 2276 tibi
245 2223 352 2286 rivalis,
363 2237 438 2276 nuuc
447 2223 548 2276 durum
559 2224 657 2289 limen,
667 2225 784 2277 amanti:

4 2299 5 2310 ³
76 2319 97 2359 '.
131 2294 211 2347 Nunc
221 2293 320 2357 mediis
331 2293 450 2352 subeant
460 2293 542 2346 irrite
550 2295 636 2347 verba
645 2295 722 2347 Deis.

97 2361 155 2422 Nec
166 2374 300 2430 compone
311 2367 417 2426 conius,
428 2363 494 2431 quie
504 2366 542 2432 sis
552 2369 687 2416 uenturus
698 2363 734 2416 ad
744 2361 838 2416 illam:

130 2433 189 2488 Nec
198 2437 266 2502 toga
275 2432 311 2482 sit
321 2432 386 2483 laxo
397 2433 591 2500 conspicienda
601 2436 673 2486 sinu.
838 2441 850 2454 ·
864 2429 915 2484 680

96 2503 182 2564 Nulla
191 2503 240 2565 sit,
251 2507 284 2553 ut
293 2499 419 2568 placeas,
428 2501 538 2556 alienae
549 2517 616 2556 cura
624 2499 750 2568 puellao;
768 2501 770 2508 ’

130 2573 189 2626 lam
200 2571 285 2624 facito
296 2587 311 2623 e
321 2569 418 2622 multis
428 2587 484 2622 una
493 2573 529 2623 eit
539 2570 590 2623 illa
599 2573 660 2623 tibi.
703 2595 707 2608 ·

4 2641 6 2738 p
98 2641 153 2697 Sed
164 2642 231 2711 quid
241 2641 388 2708 praecipue
399 2643 502 2692 nostris
512 2641 656 2692 conatibus
667 2638 768 2704 obstet,

131 2713 268 2790 Eloquar5
278 2711 406 2781 exemplo
416 2724 553 2782 quemque
563 2709 681 2765 docente
690 2723 751 2764 suo.
